<record><leader>00000cas a22000007a 4500</leader><controlfield tag="001">14941857</controlfield><controlfield tag="008">861209d18311831pauwr ne      0    0eng d</controlfield><datafield ind1=" " ind2=" " tag="010"><subfield code="a">sn 87078166 </subfield></datafield><datafield ind1=" " ind2=" " tag="040"><subfield code="a">NPH</subfield><subfield code="b">eng</subfield><subfield code="c">NPH</subfield><subfield code="d">OCLCQ</subfield></datafield><datafield ind1=" " ind2=" " tag="042"><subfield code="a">msc</subfield></datafield><datafield ind1="0" ind2="4" tag="245"><subfield code="a">The American pioneer, and military chronicle.</subfield></datafield><datafield ind1="1" ind2="3" tag="246"><subfield code="a">American pioneer</subfield></datafield><datafield ind1=" " ind2=" " tag="260"><subfield code="a">Philadelphia, Pa. :</subfield><subfield code="b">William W. Weeks,</subfield><subfield code="c">1831.</subfield></datafield><datafield ind1=" " ind2=" " tag="300"><subfield code="a">1 v. ;</subfield><subfield code="c">47 cm.</subfield></datafield><datafield ind1=" " ind2=" " tag="310"><subfield code="a">Weekly</subfield></datafield><datafield ind1="0" ind2=" " tag="362"><subfield code="a">Vol. 2, no. 1 (Mar. 5, 1831)-v. 2, no. 43 (Dec. 24, 1831).</subfield></datafield><datafield ind1=" " ind2=" " tag="752"><subfield code="a">United States</subfield><subfield code="b">Pennsylvania</subfield><subfield code="c">Philadelphia</subfield><subfield code="d">Philadelphia.</subfield></datafield><datafield ind1="0" ind2="0" tag="780"><subfield code="t">Pioneer (Philadelphia, Pa.)</subfield><subfield code="w">(DLC)sn 85054989</subfield></datafield><datafield ind1="0" ind2="0" tag="785"><subfield code="t">American pioneer, and fireman's chronicle</subfield><subfield code="w">(DLC)sn 85054745</subfield></datafield></record>